%% 

@TECHREPORT{asai:mcdramKnl,
   author = {Asai, Ryo},
   title = {MCDRAM as High-Bandwidth Memory (HBM) in Knights Landing Processors: Developer's Guide},
   institution = {Colfax International},
   year = {2016}
}


@INPROCEEDINGS{chu:kmedoids,
   author = {Chu, S.C. and Roddick, J.F. and Pan, J.S.},
   title = {A Comparative Study and Extensions to K-medoids Algorithms},
   booktitle = {International Conference on Optimization},
   publisher = {Contemporary Development Company},
   pages = {1708-1717},
   year = {2001}
}

@INPROCEEDINGS{zou:2014high,
  title={High-frequency financial statistics with parallel R and Intel Xeon Phi coprocessor},
  author={Zou, Jian and Zhang, Hui},
  booktitle={Big Data (Big Data), 2014 IEEE International Conference on},
  pages={61--69},
  year={2014},
  organization={IEEE}
}

@ARTICLE{hammarling:1988blas,
  title = {An Extended Set of FORTRAN Basic Linear Algebra Subprograms},
  author = {Hammarling, S and Dongarra, J and Du Croz, J and Hanson, R},
  journal = {ACM Transactions on Mathematical Software},
  volume = {14},
  number = {1},
  pages = {1--32},
  year = {1988}
}

@ARTICLE{dongarra:1990blas,
  title = {A Set of Level 3 Basic Linear Algebra Subprograms},
  author = {Dongarra, Jack J and Du Croz, Jeremy and Hammarling, Sven and Duff, Iain S},
  journal = {ACM Transactions on Mathematical Software (TOMS)},
  volume = {16},
  number = {1},
  pages = {1--17},
  year = {1990},
  publisher = {ACM}
}

@INPROCEEDINGS{fox:bdBenchmarking,
  title = {Big Data, Simulations and HPC Convergence},
  author = {Fox, Geoffrey and Qiu, Judy and Jha, Shantenu and Ekanayake, Saliya and Kamburugamuve, Supun},
  booktitle = {Workshop on Big Data Benchmarks},
  pages = {3--17},
  year = {2015},
  organization = {Springer}
}

@INPROCEEDINGS{fox:exemplars,
  title = {Towards an understanding of facets and exemplars of big data applications},
  author = {Fox, Geoffrey C and Jha, Shantenu and Qiu, Judy and Luckow, Andre},
  booktitle = {Proceedings of the 20 Years of Beowulf Workshop on Honor of Thomas Sterling's 65th Birthday},
  pages = {7--16},
  year = {2014},
  organization = {ACM}
}

@ARTICLE{ihaka:R,
  title = {R: a Language for Data Analysis and Graphics},
  author = {Ihaka, Ross and Gentleman, Robert},
  journal = {Journal of Computational and Graphical Statistics},
  volume = {5},
  number = {3},
  pages = {299--314},
  year = {1996},
  publisher = {Taylor \& Francis}
}

@BOOK{golub:matrix3,
  title = {Matrix Computations},
  author = {Golub, Gene H and Van Loan, Charles F},
  edition = {Third},
  year = {2012},
  publisher = {JHU Press}
}

@INPROCEEDINGS{rodrigo:hpdc2015,
  title = {HPC System Lifetime Story: Workload Characterization and Evolutionary Analyses on NERSC Systems},
  author = {Rodrigo {\'A}lvarez, Gonzalo Pedro and {\"O}stberg, Per-Olov and Elmroth, Erik and Antypas, Katie and Gerber, Richard and Ramakrishnan, Lavanya},
  booktitle = {Proceedings of the 24th International Symposium on High-Performance Parallel and Distributed Computing},
  pages = {57--60},
  year = {2015},
  organization = {ACM}
}

@BOOK{grimmett:probability,
  title = {Probability and Random Processes},
  author = {Grimmett, GR and Stirzaker, DR},
  edition = {Second},
  year = {1992},
  publisher = {Oxford University Press}
}

@BOOK{heath:scientific,
  title = {Scientific Computing: An Introductory Survey},
  author = {Heath, Michael T},
  year = {1997},
  publisher = {McGraw-Hill New York}
}

@ONLINE{iu:stamp2017,
  title = {Performance Benchmarking of the R Programming Environment on the Stampede 2 Supercomputer},
  author = {McCombs, James and Michael, Scott},
  year = {2017},
  url =  "http://hdl.handle.net/2022/21239",
  month = mar,
  lastaccessed = {March 9, 2017}
}

@ONLINE{intel:mkl2017,
  title = {Developer Guide for Intel Math Kernel Library 2017 Update 1 for Linux},
  author = {Intel, Inc.},
  year = {2016},
  url = "https://software.intel.com/en-us/mkl-for-linux-userguide",
  note = {Revision 055},
  lastaccessed = {January 14, 2017}
}


@ONLINE{intel:xeonPhi,
  title = {Getting Ready for Intel Xeon Phi x200 Product Family},
  author = {Intel, Inc.},
  year = {2015},
  month = mar,
  url = "https://software.intel.com/en-us/articles/getting-ready-for-KNL",
  lastaccessed = {January 11, 2017}
}

@ONLINE{intel:cpp2017,
  title = {Intel C++ Compiler 17.0 Developer Guide and Reference},
  author = {Intel, Inc.},
  year = {2016},
  month = sep,
  url = "https://software.intel.com/en-us/intel-cplusplus-compiler-17.0-user-and-reference-guide",
  lastaccessed = {January 14, 2017}
}

@ONLINE{intel:mkl11_2,
  title = {Reference Manual for Intel Math Kernel Library 11.2},
  author = {Intel, Inc.},
  year = {2014},
  month = aug,
  url = "https://software.intel.com/en-us/mkl_11.2_ref_pdf",
  lastaccessed = {January 14, 2017}
}

@ONLINE{intel:cpp2015,
  title = {User and Reference Guide for the Intel C++ Compiler 15.0},
  author = {Intel, Inc.},
  year = {2015},
  url = "https://software.intel.com/en-us/compiler_15.0_ug_c",
  lastaccessed = {January 14, 2017}
}

@ARTICLE{kouzes:paradigm,
  title={The Changing Paradigm of Data-Intensive Computing},
  author={Kouzes, Richard T and Anderson, Gordon A and Elbert, Stephen T and Gorton, Ian and Gracio, Deborah K},
  journal={Computer},
  volume={42},
  number={1},
  pages={26--34},
  year={2009},
  publisher={IEEE}
}

@INPROCEEDINGS{lee:model,
  title={On Model Parallelization and Scheduling Strategies for Distributed Machine Learning},
  author={Lee, Seunghak and Kim, Jin Kyu and Zheng, Xun and Ho, Qirong and Gibson, Garth A and Xing, Eric P},
  booktitle={Advances in neural information processing systems},
  volume={27},
  pages={2834--2842},
  year={2014}
}

@BOOK{murphy:ml,
  title={Machine Learning: A Probabilistic Perspective},
  author={Murphy, Kevin P},
  year={2012},
  publisher={MIT press}
}

@ARTICLE{raj:hpcBigData,
  title={High-Performance Big-Data Analytics},
  author={Raj, Pethuru and Raman, Anupama and Nagaraj, Dhivya and Duggirala, Siddhartha},
  journal={Computing Systems and Approaches (Springer, 2015)},
  volume={1},
  year={2015},
  publisher={Springer}
}
  
@ARTICLE{reynolds:clustering,
  title={Clustering Rules: A Comparison of Partitioning and Hierarchical Clustering Algorithms},
  author={Reynolds, Alan P and Richards, Graeme and de la Iglesia, Beatriz and Rayward-Smith, Victor J},
  journal={Journal of Mathematical Modelling and Algorithms},
  volume={5},
  number={4},
  pages={475--504},
  year={2006},
  publisher={Springer}
}

@BOOK{ripley:pattern96,
  title={Pattern Recognition and Neural Networks},
  author={Ripley, Brian D},
  year={1996},
  publisher={Cambridge University Press}
}

@BOOK{saad:largeEigen11,
  title={Numerical Methods for Large Eigenvalue Problems},
  author={Saad, Youcef},
  edition={Second},
  year={2011},
  publisher={Society for Industrial and Applied Mathematics}
}

@BOOK{strang:cse07,
  title={Computational Science and Engineering},
  author={Strang, Gilbert},
  year={2007},
  publisher={Wellesley-Cambridge Press Wellesley}
}

@BOOK{strang:linAlg93,
  title={Introduction to Linear Algebra},
  author={Strang, Gilbert},
  edition={Third},
  year={1993},
  publisher={Wellesley-Cambridge Press Wellesley, MA}
}

@ONLINE{tacc:stampedeGuide,
  author={Texas Advanced Computing Center},
  year={2017},
  title={Stampede User Guide},
  url={https://portal.tacc.utexas.edu/user-guides/stampede},
  month=jan,
  lasaccessed={January 9, 2017}
}

@ONLINE{cran:Rmanuals,
  author={The Comprehensive R Archive Network},
  year={2015},
  title={The R Manuals},
  url={https://cran.r-project.org},
  month=jun,
  lastaccessed={September 29, 2016}
}

@BOOK{trefethen:numLinAlg,
  title={Numerical Linear Algebra},
  author={Trefethen, Lloyd N and Bau III, David},
  volume={50},
  year={1997},
  publisher={Society for Industrial and Applied Mathematics}
}
  
@ONLINE{urbanek:Rbenchmarks,
  author={Urbanek, Simon},
  year={2008},
  title={R Benchmarks},
  url={http://r.research.att.com/benchmarks/},
  month=jun,
  lastaccessed={January 25, 2017}
}
   
@BOOK{venables:splus,
  title={Modern Applied Statistics With S-PLUS},
  author={Venables, William N and Ripley, Brian D},
  edition={Fourth},
  year={2002},
  publisher={Springer Science \& Business Media}
}  

@TECHREPORT{vladimirov:knlModes,
  author={Vladimirov, Andrey and Asai, Ryo},
  title={Clustering Modes in Knights Landing Processors: Developer's Guide},
  institution={Colfax International},
  year={2016}
}
 
